<record><leader>00000cas a22000007a 4500</leader><controlfield tag="001">37686325</controlfield><controlfield tag="008">970925d19201925okuwr n       0    0eng d</controlfield><datafield ind1=" " ind2=" " tag="010"><subfield code="a">sn 97070329 </subfield></datafield><datafield ind1=" " ind2=" " tag="040"><subfield code="a">OBN</subfield><subfield code="b">eng</subfield><subfield code="c">OBN</subfield><subfield code="d">OCLCQ</subfield><subfield code="d">OCLCF</subfield><subfield code="d">OCLCO</subfield></datafield><datafield ind1="1" ind2=" " tag="029"><subfield code="a">AU@</subfield><subfield code="b">000013504108</subfield></datafield><datafield ind1=" " ind2=" " tag="042"><subfield code="a">msc</subfield></datafield><datafield ind1=" " ind2=" " tag="043"><subfield code="a">n-us-ok</subfield></datafield><datafield ind1="0" ind2=" " tag="130"><subfield code="a">Weekly herald (Shawnee, Okla.)</subfield></datafield><datafield ind1="1" ind2="4" tag="245"><subfield code="a">The weekly herald.</subfield></datafield><datafield ind1=" " ind2=" " tag="260"><subfield code="a">Shawnee, Okla. :</subfield><subfield code="b">C.B. Weaver</subfield></datafield><datafield ind1=" " ind2=" " tag="300"><subfield code="a">v.</subfield></datafield><datafield ind1=" " ind2=" " tag="310"><subfield code="a">Weekly</subfield></datafield><datafield ind1="0" ind2=" " tag="362"><subfield code="a">Vol. 24, no. 29 (Nov. 18, 1920)-v. 28, no. 44 (June 4, 1925).</subfield></datafield><datafield ind1=" " ind2="0" tag="651"><subfield code="a">Shawnee (Okla.)</subfield><subfield code="v">Newspapers.</subfield></datafield><datafield ind1=" " ind2="0" tag="651"><subfield code="a">Pottawatomie County (Okla.)</subfield><subfield code="v">Newspapers.</subfield></datafield><datafield ind1=" " ind2="7" tag="655"><subfield code="a">Newspapers.</subfield><subfield code="2">fast</subfield><subfield code="0">(OCoLC)fst01423814</subfield></datafield><datafield ind1=" " ind2="7" tag="651"><subfield code="a">Oklahoma</subfield><subfield code="z">Pottawatomie County.</subfield><subfield code="2">fast</subfield><subfield code="0">(OCoLC)fst01220558</subfield></datafield><datafield ind1=" " ind2="7" tag="651"><subfield code="a">Oklahoma</subfield><subfield code="z">Shawnee.</subfield><subfield code="2">fast</subfield><subfield code="0">(OCoLC)fst01220557</subfield></datafield><datafield ind1=" " ind2=" " tag="752"><subfield code="a">United States</subfield><subfield code="b">Oklahoma</subfield><subfield code="c">Pottawatomie</subfield><subfield code="d">Shawnee.</subfield></datafield><datafield ind1="0" ind2="0" tag="780"><subfield code="t">Semi-weekly herald (Shawnee, Okla.)</subfield><subfield code="w">(DLC)sn 97070328</subfield><subfield code="w">(OCoLC)37686297</subfield></datafield><datafield ind1="0" ind2="0" tag="785"><subfield code="t">Shawnee weekly herald (Shawnee, Okla. : 1925)</subfield><subfield code="w">(DLC)sn 97070331</subfield><subfield code="w">(OCoLC)37686356</subfield></datafield></record>